@article{assaker2020a,
  author = {Assaker, G.},
  date = {2020},
  title = {Age and gender differences in online travel reviews and user-generated-content (UGC) adoption: extending the technology acceptance model (TAM) with credibility theory},
  volume = {29},
  doi = {10.1080/19368623.2019.1653807},
  language = {en},
  journal = {Journal of Hospitality Marketing and Management},
  number = {4}
}
@article{baka2016a,
  author = {Baka, V.},
  date = {2016},
  title = {The becoming of user-generated reviews: Looking at the past to understand the future of managing reputation in the travel sector},
  volume = {53},
  doi = {10.1016/j.tourman.2015.09.004},
  language = {en},
  journal = {Tourism Management}
}
@article{ban2019a,
  author = {Ban, H.J. and Kim, H.S.},
  date = {2019},
  title = {Understanding customer experience and satisfaction through airline passengers’ online review},
  volume = {11},
  doi = {10.3390/su11154066},
  language = {en},
  journal = {Sustainability (Switzerland},
  number = {15}
}
@article{bianchi2021a,
  author = {Bianchi, G. and Heo, C.Y.},
  date = {2021},
  title = {A Bayesian statistics approach to hospitality research},
  volume = {24},
  doi = {10.1080/13683500.2021.1896486},
  language = {en},
  journal = {Current Issues in Tourism},
  number = {22}
}
@article{bilos2022a,
  author = {Bilos, A. and Budimir, B. and Hrustek, A.},
  date = {2022},
  title = {The role of user-generated content in tourists’ travel planning behavior: Evidence from Croatia},
  volume = {39},
  doi = {10.34624/rtd.v39i0.27277},
  language = {en},
  journal = {Journal of Tourism and Development}
}
@article{brochado2023a,
  author = {Brochado, A. and Duarte, M. and Mengyuan, Z.},
  date = {2023},
  title = {Passengers’ Perceptions of Chinese Airlines’ Service Quality: A Mixed Methods Analysis of User-generated Content},
  volume = {19},
  doi = {10.1080/19388160.2022.2122647},
  language = {en},
  journal = {Journal of China Tourism Research},
  number = {3}
}
@article{brochado2019a,
  author = {Brochado, A. and Rita, P. and Oliveira, C. and Oliveira, F.},
  date = {2019},
  title = {Airline passengers’ perceptions of service quality: themes in online reviews},
  volume = {31},
  doi = {10.1108/IJCHM-09-2017-0572},
  language = {en},
  journal = {International Journal of Contemporary Hospitality Management},
  number = {2}
}
@article{bronner2011a,
  author = {Bronner, F. and Hoog, R.},
  date = {2011},
  title = {Vacationers and eWOM: Who posts, and why, where, and what?},
  volume = {50},
  doi = {10.1177/0047287509355324},
  language = {en},
  journal = {Journal of Travel Research},
  number = {1}
}
@article{byun2016a,
  author = {Byun, H.J. and Lee, B.C.},
  date = {2016},
  title = {Classifying service quality attributes of low-cost carriers and full-service carriers based on an analytical kano model},
  volume = {21},
  doi = {10.17549/gbfr.2016.21.2.34},
  language = {en},
  journal = {Global Business and Finance Review},
  number = {2}
}
@article{changchit2020a,
  author = {Changchit, C. and Klaus, T. and Lonkani, R.},
  date = {2020},
  title = {Online Reviews: What Drives Consumers to Use Them},
  url = {https://doi.org/10.1080/08874417.2020.1779149},
  doi = {10.1080/08874417.2020.1779149},
  language = {en},
  journal = {Journal of Computer Information Systems}
}
@article{chatterjee2023a,
  author = {Chatterjee, S. and Ghatak, A. and Nikte, R. and Gupta, S. and Kumar, A.},
  date = {2023},
  title = {Measuring SERVQUAL dimensions and their importance for customer-satisfaction using online reviews: a text mining approach},
  volume = {36},
  doi = {10.1108/JEIM-06-2021-0252},
  language = {en},
  journal = {Journal of Enterprise Information Management},
  number = {1}
}
@article{cheong2008a,
  author = {Cheong, H.J. and Morrison, M.A.},
  date = {2008},
  title = {Consumers’ Reliance on Product Information and Recommendations Found in UGC},
  volume = {8},
  doi = {10.1080/15252019.2008.10722141},
  language = {en},
  journal = {Journal of Interactive Advertising},
  number = {2}
}
@article{cox2009a,
  author = {Cox, C. and Burgess, S. and Sellitto, C. and Buultjens, J.},
  date = {2009},
  title = {The role of user-generated content in tourists’ travel planning behavior},
  volume = {18},
  doi = {10.1080/19368620903235753},
  language = {en},
  journal = {Journal of Hospitality and Leisure Marketing},
  number = {8}
}
@article{daugherty2008a,
  author = {Daugherty, T. and Eastin, M.S. and Bright, L.},
  date = {2008},
  title = {Exploring Consumer Motivations for Creating User-Generated Content},
  volume = {8},
  doi = {10.1080/15252019.2008.10722139},
  language = {en},
  journal = {Journal of Interactive Advertising},
  number = {2}
}
@article{davis1989a,
  author = {Davis, F.D.},
  date = {1989},
  title = {Perceived usefulness, perceived ease of use, and user acceptance of information technology},
  volume = {13},
  doi = {10.2307/249008},
  language = {en},
  journal = {MIS Quarterly: Management Information Systems},
  number = {3}
}
@article{dike2024a,
  author = {Dike, S.E. and Davis, Z. and Abrahams, A. and Anjomshoae, A. and Ractham, P.},
  date = {2024},
  title = {Evaluation of passengers’ expectations and satisfaction in the airline industry: an empirical performance analysis of online reviews},
  volume = {31},
  doi = {10.1108/BIJ-09-2021-0563},
  language = {en},
  journal = {Benchmarking},
  number = {2}
}
@article{etemad-sajadi2019a,
  author = {Etemad-Sajadi, R. and Bohrer, L.},
  date = {2019},
  title = {The impact of service recovery output/process on customer satisfaction and loyalty: The case of the airline industry},
  volume = {19},
  doi = {10.1177/1467358417743080},
  language = {en},
  journal = {Tourism and Hospitality Research},
  number = {2}
}
@article{filieri2021a,
  author = {Filieri, R. and Acikgoz, F. and Ndou, V. and Dwivedi, Y.},
  date = {2021},
  title = {Is TripAdvisor still relevant? The influence of review credibility, review usefulness, and ease of use on consumers’ continuance intention},
  volume = {33},
  doi = {10.1108/IJCHM-05-2020-0402},
  language = {en},
  journal = {International Journal of Contemporary Hospitality Management},
  number = {1}
}
@article{filieri2018a,
  author = {Filieri, R. and Hofacker, C.F. and Alguezaui, S.},
  date = {2018},
  title = {What makes information in online consumer reviews diagnostic over time? The role of review relevancy, factuality, currency, source credibility and ranking score},
  volume = {80},
  doi = {10.1016/j.chb.2017.10.039},
  language = {en},
  journal = {Computers in Human Behavior}
}
@article{filieri2019a,
  author = {Filieri, R. and Raguseo, E. and Vitari, C.},
  date = {2019},
  title = {What moderates the influence of extremely negative ratings? The role of review and reviewer characteristics},
  volume = {77},
  doi = {10.1016/j.ijhm.2018.07.013},
  language = {en},
  journal = {International Journal of Hospitality Management}
}

@article{gomez2024a,
  author = {Gómez-Déniz, E. and Martel-Escobar, M. and Vázquez-Polo, F.J.},
  title = {A Bayesian model for online customer reviews data in tourism research: a robust analysis},
  journal = {Cogent Business \& Management},
  volume = {11},
  number = {1},
  year = {2024},
  publisher = {Cogent OA},
  doi = {10.1080/23311975.2024.2363592},
  language = {en}
}
@article{hassan2022a,
  author = {Hassan, T.H. and Salem, A.E.},
  date = {2022},
  title = {Impact of service quality of low-cost carriers on airline image and consumers’ satisfaction and loyalty during the covid-19 outbreak},
  volume = {19},
  doi = {10.3390/ijerph19010083},
  language = {en},
  journal = {International Journal of Environmental Research and Public Health},
  number = {1}
}
@article{hu2020a,
  author = {Hu, X. and Yang, Y.},
  date = {2020},
  title = {What makes online reviews helpful in tourism and hospitality? a bare-bones meta-analysis},
  url = {https://doi.org/10.1080/19368623.2020.1780178},
  doi = {10.1080/19368623.2020.1780178},
  language = {en},
  journal = {Journal of Hospitality Marketing and Management}
}
@article{huang2015a,
  author = {Huang, A.H. and Chen, K. and Yen, D.C. and Tran, T.P.},
  date = {2015},
  title = {A study of factors that contribute to online review helpfulness},
  volume = {48},
  doi = {10.1016/j.chb.2015.01.010},
  language = {en},
  journal = {Computers in Human Behavior}
}
@article{jain2022a,
  author = {Jain, P.K. and Patel, A. and Kumari, S. and Pamula, R.},
  date = {2022},
  title = {Predicting airline customers’ recommendations using qualitative and quantitative contents of online reviews},
  volume = {81},
  doi = {10.1007/s11042-022-11972-7},
  language = {en},
  journal = {Multimedia Tools and Applications},
  number = {5}
}
@article{kaur2021a,
  author = {Kaur, K. and Singh, T.},
  date = {2021},
  title = {What Motivates Consumers to Write Online Reviews? Qualitative Research in the Indian Cultural Context},
  volume = {34},
  doi = {10.1080/08911762.2021.1882022},
  language = {en},
  journal = {Journal of Global Marketing},
  number = {3}
}
@article{korfiatis2019a,
  author = {Korfiatis, N. and Stamolampros, P. and Kourouthanassis, P. and Sagiadinos, V.},
  date = {2019},
  title = {Measuring service quality from unstructured data: A topic modeling application on airline passengers’ online reviews},
  volume = {116},
  doi = {10.1016/j.eswa.2018.09.037},
  language = {en},
  journal = {Expert Systems with Applications}
}
@article{kwok2016a,
  author = {Kwok, L. and Xie, K.L.},
  date = {2016},
  title = {Factors contributing to the helpfulness of online hotel reviews: Does manager response play a role?},
  volume = {28},
  doi = {10.1108/IJCHM-03-2015-0107},
  language = {en},
  journal = {International Journal of Contemporary Hospitality Management}
}
@article{kwon2021a,
  author = {Kwon, H.J. and Ban, H.J. and Jun, J.K. and Kim, H.S.},
  date = {2021},
  title = {Topic modeling and sentiment analysis of online review for airlines},
  volume = {12},
  doi = {10.3390/info12020078},
  language = {en},
  journal = {Information Switzerland},
  number = {2}
}
@article{lam2020a,
  author = {Lam, J.M.S. and Ismail, H. and Lee, S.},
  date = {2020},
  title = {From desktop to destination: User-generated content platforms, co-created online experiences, destination image and satisfaction},
  volume = {18},
  doi = {10.1016/j.jdmm.2020.100490},
  language = {en},
  journal = {Journal of Destination Marketing and Management}
}
@article{lim2020a,
  author = {Lim, J. and Lee, H.C.},
  date = {2020},
  title = {Comparisons of service quality perceptions between full service carriers and low cost carriers in airline travel},
  volume = {23},
  doi = {10.1080/13683500.2019.1604638},
  language = {en},
  journal = {Current Issues in Tourism},
  number = {10}
}
@article{lo2019a,
  author = {Lo, A.S. and Yao, S.S.},
  date = {2019},
  title = {What makes hotel online reviews credible?: An investigation of the roles of reviewer expertise, review rating consistency and review valence},
  volume = {31},
  doi = {10.1108/IJCHM-10-2017-0671},
  language = {en},
  journal = {International Journal of Contemporary Hospitality Management},
  number = {1}
}
@article{lu2023a,
  author = {Lu, L. and Xu, P. and Wang, Y.Y. and Wang, Y.},
  date = {2023},
  title = {Measuring service quality with text analytics: Considering both importance and performance of consumer opinions on social and non-social online platforms},
  volume = {169},
  doi = {10.1016/j.jbusres.2023.114298},
  language = {en},
  journal = {Journal of Business Research}
}
@article{lu2015a,
  author = {Lu, W. and Stepchenkova, S.},
  date = {2015},
  title = {User-Generated Content as a Research Mode in Tourism and Hospitality Applications: Topics, Methods, and Software},
  volume = {24},
  doi = {10.1080/19368623.2014.907758},
  language = {en},
  journal = {Journal of Hospitality Marketing and Management},
  number = {2}
}
@article{lucini2020a,
  author = {Lucini, F.R. and Tonetto, L.M. and Fogliatto, F.S. and Anzanello, M.J.},
  date = {2020},
  title = {Text mining approach to explore dimensions of airline customer satisfaction using online customer reviews},
  volume = {83},
  doi = {10.1016/j.jairtraman.2019.101760},
  language = {en},
  journal = {Journal of Air Transport Management}
}
@article{martel2023a,
  author = {Martel–Escobar, M. and González-Martel, C. and Vázquez-Polo, F.J.},
  date = {2023},
  title = {Managing score heterogeneity between online consumer review websites},
  volume = {9},
  doi = {10.1080/23311886.2023.2267261},
  language = {nl},
  journal = {Cogent Social Sciences},
  number = {2}
}
@article{mendes-filho2018a,
  author = {Mendes-Filho, L. and Mills, A.M. and Tan, F.B. and Milne, S.},
  date = {2018},
  title = {Empowering the traveler: an examination of the impact of user-generated content on travel planning},
  volume = {35},
  doi = {10.1080/10548408.2017.1358237},
  language = {en},
  journal = {Journal of Travel and Tourism Marketing},
  number = {4}
}
@article{migdadi2022a,
  author = {Migdadi, Y.K.A.A.},
  date = {2022},
  title = {The Impact of Airline Alliance Strategy on the Perceived Service Quality: A Global Survey},
  volume = {23},
  doi = {10.1080/1528008X.2021.1884929},
  language = {en},
  journal = {Journal of Quality Assurance in Hospitality and Tourism},
  number = {2}
}
@article{muda2021a,
  author = {Muda, M. and Hamzah, M.I.},
  date = {2021},
  title = {Should I suggest this YouTube clip? The impact of UGC source credibility on eWOM and purchase intention},
  volume = {15},
  doi = {10.1108/JRIM-04-2020-0072},
  language = {en},
  journal = {Journal of Research in Interactive Marketing},
  number = {3}
}
@article{muritala2020a,
  author = {Muritala, B.A. and Sánchez-Rebull, M.V. and Hernández-Lara, A.B.},
  date = {2020},
  title = {A bibliometric analysis of online reviews research in tourism and hospitality},
  volume = {12},
  doi = {10.3390/su12239977},
  language = {en},
  journal = {Sustainability (Switzerland},
  number = {ue 23)}
}
@article{nicoli2017a,
  author = {Nicoli, N. and Papadopoulou, E.},
  date = {2017},
  title = {TripAdvisor and reputation: a case study of the hotel industry in Cyprus},
  volume = {12},
  doi = {10.1108/EMJB-11-2016-0031},
  language = {en},
  journal = {EuroMed Journal of Business},
  number = {3}
}
@article{nilashi2022a,
  author = {Nilashi, M. and Abumalloh, R.A. and Minaei-Bidgoli, B. and Abdu Zogaan, W. and Alhargan, A. and Mohd, S. and Syed Azhar, S.N.F. and Asadi, S. and Samad, S.},
  date = {2022},
  title = {Revealing travellers’ satisfaction during COVID-19 outbreak: Moderating role of service quality},
  volume = {64},
  doi = {10.1016/j.jretconser.2021.102783},
  language = {en},
  journal = {Journal of Retailing and Consumer Services}
}
@article{nusairat2021a,
  author = {Nusairat, N.M. and Alroale, M.A. and Qeed, M.Al and Al-Gasawneh, J.A. and Hammouri, Q. and Ahmad, A. and Abdellatif, H.},
  date = {2021},
  title = {USER-GENERATED CONTENT},
  source = {CONSUMER BUYING INTENTIONS NEXUS: THE MEDIATING ROLE OF BRAND IMAGE.},
  volume = {20},
  language = {en},
  journal = {Academy of Strategic Management Journal},
  number = {4}
}
@article{park2020a,
  author = {Park, S. and Lee, J.S. and Nicolau, J.L.},
  date = {2020},
  title = {Understanding the dynamics of the quality of airline service attributes: Satisfiers and dissatisfiers},
  volume = {81},
  doi = {10.1016/j.tourman.2020.104163},
  language = {en},
  journal = {Tourism Management}
}
@article{punel2019a,
  author = {Punel, A. and Al Hajj Hassan, L. and Ermagun, A.},
  date = {2019},
  title = {Variations in airline passenger expectation of service quality across the globe},
  volume = {75},
  doi = {10.1016/j.tourman.2019.06.004},
  language = {en},
  journal = {Tourism Management}
}
@article{rasool2021a,
  author = {Rasool, G. and Pathania, A.},
  date = {2021},
  title = {Reading between the lines: untwining online user-generated content using sentiment analysis},
  volume = {15},
  doi = {10.1108/JRIM-03-2020-0045},
  language = {en},
  journal = {Journal of Research in Interactive Marketing},
  number = {3}
}
@article{schuckert2015a,
  author = {Schuckert, M. and Liu, X. and Law, R.},
  date = {2015},
  title = {Hospitality and Tourism Online Reviews: Recent Trends and Future Directions},
  volume = {32},
  doi = {10.1080/10548408.2014.933154},
  language = {en},
  journal = {Journal of Travel and Tourism Marketing},
  number = {5}
}
@article{sezgen2019a,
  author = {Sezgen, E. and Mason, K.J. and Mayer, R.},
  date = {2019},
  title = {Voice of airline passenger: A text mining approach to understand customer satisfaction},
  volume = {77},
  doi = {10.1016/j.jairtraman.2019.04.001},
  language = {en},
  journal = {Journal of Air Transport Management}
}
@article{siering2018a,
  author = {Siering, M. and Deokar, A.V. and Janze, C.},
  date = {2018},
  title = {Disentangling consumer recommendations: Explaining and predicting airline recommendations based on online reviews},
  volume = {107},
  doi = {10.1016/j.dss.2018.01.002},
  language = {en},
  journal = {Decision Support Systems}
}
@article{song2020a,
  author = {Song, C. and Guo, J. and Zhuang, J.},
  date = {2020},
  title = {Analyzing passengers’ emotions following flight delays- a 2011–2019 case study on SKYTRAX comments},
  volume = {89},
  doi = {10.1016/j.jairtraman.2020.101903},
  language = {en},
  journal = {Journal of Air Transport Management}
}
@article{stamolampros2019a,
  author = {Stamolampros, P. and Korfiatis, N. and Kourouthanassis, P. and Symitsi, E.},
  date = {2019},
  title = {Flying to Quality: Cultural Influences on Online Reviews},
  volume = {58},
  doi = {10.1177/0047287518764345},
  language = {en},
  journal = {Journal of Travel Research},
  number = {ue 3)}
}
@article{sudhakar2020a,
  author = {Sudhakar, S. and Gunasekar, S.},
  date = {2020},
  title = {Examining online ratings and customer satisfaction in airlines},
  volume = {31},
  doi = {10.1080/13032917.2020.1747238},
  language = {en},
  journal = {Anatolia},
  number = {2}
}
@article{sulu2022a,
  author = {Sulu, D. and Arasli, H. and Saydam, M.B.},
  date = {2022},
  title = {Air‐Travelers’ Perceptions of Service Quality during the COVID‐19 Pandemic: Evidence from TripAdvisor.com},
  volume = {14},
  doi = {10.3390/su14010435},
  language = {en},
  journal = {Sustainability (Switzerland},
  number = {1}
}
@article{tahanisaz2020a,
  author = {Tahanisaz, S. and shokuhyar, S.},
  date = {2020},
  title = {Evaluation of passenger satisfaction with service quality: A consecutive method applied to the airline industry},
  volume = {83},
  doi = {10.1016/j.jairtraman.2020.101764},
  language = {en},
  journal = {Journal of Air Transport Management}
}
@article{tsiakali2018a,
  author = {Tsiakali, K.},
  date = {2018},
  title = {User-generated-content versus marketing-generated-content: personality and content influence on traveler’s behavior},
  volume = {27},
  doi = {10.1080/19368623.2018.1477643},
  language = {en},
  journal = {Journal of Hospitality Marketing and Management},
  number = {8}
}
@incollection{ukpabi2018a,
  author = {Ukpabi, D.C. and Karjaluoto, H.},
  date = {2018},
  title = {What drives travelers’ adoption of user-generated content? A literature review},
  volume = {28},
  doi = {10.1016/j.tmp.2018.03.006},
  language = {en},
  booktitle = {Tourism Management Perspectives}
}
@article{wang2023a,
  author = {Wang, X. and Zheng, J. and Tang, L. and Luo, Y.},
  date = {2023},
  title = {Recommend or not? The influence of emotions on passengers’ intention of airline recommendation during COVID-19},
  volume = {95},
  doi = {10.1016/j.tourman.2022.104675},
  language = {en},
  journal = {Tourism Management}
}
@article{wilson2012a,
  author = {Wilson, A. and Murphy, H. and Fierro, J.C.},
  date = {2012},
  title = {Hospitality and Travel: The Nature and Implications of User-Generated Content},
  volume = {53},
  doi = {10.1177/1938965512449317},
  language = {en},
  journal = {Cornell Hospitality Quarterly (Vol},
  number = {ue 3)}
}
@article{xu2019a,
  author = {Xu, X. and Liu, W. and Gursoy, D.},
  date = {2019},
  title = {The Impacts of Service Failure and Recovery Efforts on Airline Customers’ Emotions and Satisfaction},
  volume = {58},
  doi = {10.1177/0047287518789285},
  language = {en},
  journal = {Journal of Travel Research},
  number = {6}
}
@article{yoo2009a,
  author = {Yoo, K.H. and Gretzel, U.},
  date = {2009},
  title = {What Motivates Consumers to Write Online Travel Reviews?},
  volume = {10},
  doi = {10.3727/109830508788403114},
  language = {en},
  journal = {Information Technology & Tourism},
  number = {4}
}

